@misc{GitHubQGCILDbenchRepo,
  author = {Beyer, J.},
  title = {ILDbench\_QGC},
  year = {2019},
  publisher = {GitHub},
  journal = {GitHub repository},
  howpublished = {\url{https://github.com/ILDAnaSoft/ILDbench_QGC}},
  commit = {71bed0d808ff1d1dd12eebecb79e0553cc7b75fd}
}
@misc{GitHubNuCorrectionRepo,
  author = {Beyer, J.},
  title = {LepNuProcessor},
  year = {2019},
  publisher = {GitHub},
  journal = {GitHub repository},
  howpublished = {\url{https://github.com/ILDAnaSoft/LepNuProcessor}},
  commit = {c9d42a2c10cb9edef60a30ac0b4f0f2ca46658fd}
}
@article{Beckmann:2010ib,
      author         = "Beckmann, Moritz and List, Benno and List, Jenny",
      title          = "{Treatment of Photon Radiation in Kinematic Fits at
                        Future e+ e- Colliders}",
      journal        = "Nucl. Instrum. Meth.",
      volume         = "A624",
      year           = "2010",
      pages          = "184-191",
      doi            = "10.1016/j.nima.2010.08.107",
      eprint         = "1006.0436",
      archivePrefix  = "arXiv",
      primaryClass   = "hep-ex",
      reportNumber   = "DESY-10-078",
      SLACcitation   = "%%CITATION = ARXIV:1006.0436;%%"
}
@article{Sirunyan:2017ret,
      author         = "Sirunyan, Albert M and others",
      title          = "{Observation of electroweak production of same-sign W
                        boson pairs in the two jet and two same-sign lepton final
                        state in proton-proton collisions at $\sqrt{s} = $ 13
                        TeV}",
      collaboration  = "CMS",
      journal        = "Phys. Rev. Lett.",
      volume         = "120",
      year           = "2018",
      number         = "8",
      pages          = "081801",
      doi            = "10.1103/PhysRevLett.120.081801",
      eprint         = "1709.05822",
      archivePrefix  = "arXiv",
      primaryClass   = "hep-ex",
      reportNumber   = "CMS-SMP-17-004, CERN-EP-2017-232",
      SLACcitation   = "%%CITATION = ARXIV:1709.05822;%%"
}
@article{Cacciari:2011ma,
      author         = "Cacciari, Matteo and Salam, Gavin P. and Soyez, Gregory",
      title          = "{FastJet User Manual}",
      journal        = "Eur. Phys. J.",
      volume         = "C72",
      year           = "2012",
      pages          = "1896",
      doi            = "10.1140/epjc/s10052-012-1896-2",
      eprint         = "1111.6097",
      archivePrefix  = "arXiv",
      primaryClass   = "hep-ph",
      reportNumber   = "CERN-PH-TH-2011-297",
      SLACcitation   = "%%CITATION = ARXIV:1111.6097;%%"
}
@MASTERSTHESIS{Beyer:416692,
      author       = {Beyer, Jakob},
      othercontributors = {Kobel, Michael and List, Jenny},
      title        = {{M}easuring {V}ector {B}oson {S}cattering at the future
                      {I}nternational {L}inear {C}ollider},
      school       = {Technische Universität Dresden},
      type         = {Masterarbeit},
      reportid     = {PUBDB-2018-05085},
      pages        = {90},
      year         = {2018},
      note         = {Masterarbeit, Technische Universität Dresden, 2018},
      abstract     = {Vector boson scattering (VBS) is considered a
                      well-motivated target in the search for physics beyond the
                      Standard Model (BSM). Setting stringent limits on BSM
                      physics inthe Higgs and electroweak sector requires
                      precision measurements of VBS. This is best done in the
                      clean and controlled environment at high-energy
                      electron-positron colliders.In this work, the sensitivity of
                      the International Linear Collider (ILC) to VBS in hadronic
                      final states is studied at √s = 1 TeV in the International
                      Large Detector (ILD). Datasets from full detector
                      simulations are used for this study.A key aspect of this
                      analysis is the separation of the WW and ZZ final state. In
                      the hadronic final state, this is done primarily through
                      reconstructed boson masses. Themass peaks of the WW and ZZ
                      final states are found to be well separated, but
                      inconsistencies with previous studies are observed. Problems
                      in the final state reconstruction are identified to
                      originate from heavy jet reconstruction as well as jet
                      clustering.Neutrino corrections for heavy quark jets are
                      investigated. A promising approach based on the average
                      kinematics in semi-leptonic decays is identified.The peak
                      separation is tested for two versions of the ILD - a large
                      and a small model - and found to not be visibly
                      influenced.First steps towards a VBS analysis in an EFT
                      framework are taken. No optimization of the cut analysis or
                      application of corrections to heavy jets are done in this
                      step, but are identified as important aspects of future
                      analyses. Sensitive observables are extracted for
                      reconstructed WW and ZZ signal regions. Significances of
                      S/√B = 104 for WW final state events and 40 for ZZ events
                      are observed.Assumptions made in recent theory-level studies
                      which predict a sensitivity between 2 and 4 times better
                      than current LHC analyses are confirmed to be roughly
                      valid.},
      cin          = {FLC},
      cid          = {I:(DE-H253)FLC-20120731},
      pnm          = {611 - Fundamental Particles and Forces (POF3-611) / SFB
                      676-B01 - Optimising the ILC setup: Physics programme,
                      running scenarios and design choices (DFG-SFB-676)},
      pid          = {G:(DE-HGF)POF3-611 / G:(DE-H253)DFG-SFB-676-B01},
      experiment   = {EXP:(DE-H253)ILC(machine)-20150101},
      typ          = {PUB:(DE-HGF)19},
      doi          = {10.3204/PUBDB-2018-05085},
      url          = {http://bib-pubdb1.desy.de/record/416692},
}
@article{Fleper:2016frz,
      author         = "Fleper, Christian and Kilian, Wolfgang and Reuter, Jurgen
                        and Sekulla, Marco",
      title          = "{Scattering of W and Z Bosons at High-Energy Lepton
                        Colliders}",
      journal        = "Eur. Phys. J.",
      volume         = "C77",
      year           = "2017",
      number         = "2",
      pages          = "120",
      doi            = "10.1140/epjc/s10052-017-4656-5",
      eprint         = "1607.03030",
      archivePrefix  = "arXiv",
      primaryClass   = "hep-ph",
      reportNumber   = "DESY-16-098, SI-HEP-2016-21, KA-TP-11-2016",
      SLACcitation   = "%%CITATION = ARXIV:1607.03030;%%"
}
@article{PhysRevD.98.030001,
  title = {Review of Particle Physics},
  author = {Tanabashi, M. and Hagiwara, K. and Hikasa, K. and Nakamura, K. and Sumino, Y. and Takahashi, F. and Tanaka, J. and Agashe, K. and Aielli, G. and Amsler, C. and Antonelli, M. and Asner, D. M. and Baer, H. and Banerjee, Sw. and Barnett, R. M. and Basaglia, T. and Bauer, C. W. and Beatty, J. J. and Belousov, V. I. and Beringer, J. and Bethke, S. and Bettini, A. and Bichsel, H. and Biebel, O. and Black, K. M. and Blucher, E. and Buchmuller, O. and Burkert, V. and Bychkov, M. A. and Cahn, R. N. and Carena, M. and Ceccucci, A. and Cerri, A. and Chakraborty, D. and Chen, M.-C. and Chivukula, R. S. and Cowan, G. and Dahl, O. and D'Ambrosio, G. and Damour, T. and de Florian, D. and de Gouv\^ea, A. and DeGrand, T. and de Jong, P. and Dissertori, G. and Dobrescu, B. A. and D'Onofrio, M. and Doser, M. and Drees, M. and Dreiner, H. K. and Dwyer, D. A. and Eerola, P. and Eidelman, S. and Ellis, J. and Erler, J. and Ezhela, V. V. and Fetscher, W. and Fields, B. D. and Firestone, R. and Foster, B. and Freitas, A. and Gallagher, H. and Garren, L. and Gerber, H.-J. and Gerbier, G. and Gershon, T. and Gershtein, Y. and Gherghetta, T. and Godizov, A. A. and Goodman, M. and Grab, C. and Gritsan, A. V. and Grojean, C. and Groom, D. E. and Gr\"unewald, M. and Gurtu, A. and Gutsche, T. and Haber, H. E. and Hanhart, C. and Hashimoto, S. and Hayato, Y. and Hayes, K. G. and Hebecker, A. and Heinemeyer, S. and Heltsley, B. and Hern\'andez-Rey, J. J. and Hisano, J. and H\"ocker, A. and Holder, J. and Holtkamp, A. and Hyodo, T. and Irwin, K. D. and Johnson, K. F. and Kado, M. and Karliner, M. and Katz, U. F. and Klein, S. R. and Klempt, E. and Kowalewski, R. V. and Krauss, F. and Kreps, M. and Krusche, B. and Kuyanov, Yu. V. and Kwon, Y. and Lahav, O. and Laiho, J. and Lesgourgues, J. and Liddle, A. and Ligeti, Z. and Lin, C.-J. and Lippmann, C. and Liss, T. M. and Littenberg, L. and Lugovsky, K. S. and Lugovsky, S. B. and Lusiani, A. and Makida, Y. and Maltoni, F. and Mannel, T. and Manohar, A. V. and Marciano, W. J. and Martin, A. D. and Masoni, A. and Matthews, J. and Mei\ss{}ner, U.-G. and Milstead, D. and Mitchell, R. E. and M\"onig, K. and Molaro, P. and Moortgat, F. and Moskovic, M. and Murayama, H. and Narain, M. and Nason, P. and Navas, S. and Neubert, M. and Nevski, P. and Nir, Y. and Olive, K. A. and Pagan Griso, S. and Parsons, J. and Patrignani, C. and Peacock, J. A. and Pennington, M. and Petcov, S. T. and Petrov, V. A. and Pianori, E. and Piepke, A. and Pomarol, A. and Quadt, A. and Rademacker, J. and Raffelt, G. and Ratcliff, B. N. and Richardson, P. and Ringwald, A. and Roesler, S. and Rolli, S. and Romaniouk, A. and Rosenberg, L. J. and Rosner, J. L. and Rybka, G. and Ryutin, R. A. and Sachrajda, C. T. and Sakai, Y. and Salam, G. P. and Sarkar, S. and Sauli, F. and Schneider, O. and Scholberg, K. and Schwartz, A. J. and Scott, D. and Sharma, V. and Sharpe, S. R. and Shutt, T. and Silari, M. and Sj\"ostrand, T. and Skands, P. and Skwarnicki, T. and Smith, J. G. and Smoot, G. F. and Spanier, S. and Spieler, H. and Spiering, C. and Stahl, A. and Stone, S. L. and Sumiyoshi, T. and Syphers, M. J. and Terashi, K. and Terning, J. and Thoma, U. and Thorne, R. S. and Tiator, L. and Titov, M. and Tkachenko, N. P. and T\"ornqvist, N. A. and Tovey, D. R. and Valencia, G. and Van de Water, R. and Varelas, N. and Venanzoni, G. and Verde, L. and Vincter, M. G. and Vogel, P. and Vogt, A. and Wakely, S. P. and Walkowiak, W. and Walter, C. W. and Wands, D. and Ward, D. R. and Wascko, M. O. and Weiglein, G. and Weinberg, D. H. and Weinberg, E. J. and White, M. and Wiencke, L. R. and Willocq, S. and Wohl, C. G. and Womersley, J. and Woody, C. L. and Workman, R. L. and Yao, W.-M. and Zeller, G. P. and Zenin, O. V. and Zhu, R.-Y. and Zhu, S.-L. and Zimmermann, F. and Zyla, P. A. and Anderson, J. and Fuller, L. and Lugovsky, V. S. and Schaffner, P.},
  collaboration = {Particle Data Group},
  journal = {Phys. Rev. D},
  volume = {98},
  issue = {3},
  pages = {030001},
  numpages = {1898},
  year = {2018},
  month = {Aug},
  publisher = {American Physical Society},
  doi = {10.1103/PhysRevD.98.030001},
  url = {https://link.aps.org/doi/10.1103/PhysRevD.98.030001}
}
@unpublished{LCWS18JER,
  address = {Arlington, Texas},
  author = {{R\'{e}mi Ete}},
  note = {International Workshop on Future Linear Colliders: LCWS2018},
  title = {{Jet energy studies with ILD}},
  url = {https://agenda.linearcollider.org/event/7889/contributions/42586/},
  year = {2018}
}
@article{Chierici:2001ar,
      author         = "Chierici, R. and Rosati, S. and Kobel, M.",
      title          = "{Strong electroweak symmetry breaking signals in w w
                        scattering at tesla}",
      booktitle      = "{Physics and Experiments with Future Linear e+ e-
                        Colliders: Proceedings, 5th International Linear Collider
                        Workshop (LCWS 2000) Batavia, Illinois, October 24-28,
                        2000}",
      journal        = "AIP Conf. Proc.",
      volume         = "578",
      year           = "2001",
      number         = "1",
      pages          = "544-549",
      doi            = "10.1063/1.1394378",
      note           = "[,1906(2001)]",
      reportNumber   = "LC-PHSM-2001-038",
      SLACcitation   = "%%CITATION = APCPC,578,544;%%"
}
@article{Behnke:2013lya,
      author         = "Abramowicz, Halina and others",
      editor         = "Behnke, Ties and Brau, James E. and Burrows, Philip N.
                        and Fuster, Juan and Peskin, Michael and Stanitzki, Marcel
                        and Sugimoto, Yasuhiro and Yamada, Sakue and Yamamoto,
                        Hitoshi",
      title          = "{The International Linear Collider Technical Design
                        Report - Volume 4: Detectors}",
      year           = "2013",
      eprint         = "1306.6329",
      archivePrefix  = "arXiv",
      primaryClass   = "physics.ins-det",
      reportNumber   = "ILC-REPORT-2013-040, ANL-HEP-TR-13-20,
                        BNL-100603-2013-IR, IRFU-13-59, CERN-ATS-2013-037,
                        COCKCROFT-13-10, CLNS-13-2085, DESY-13-062,
                        FERMILAB-TM-2554, IHEP-AC-ILC-2013-001, INFN-13-04-LNF,
                        JAI-2013-001, JINR-E9-2013-35, JLAB-R-2013-01,
                        KEK-REPORT-2013-1, KNU-CHEP-ILC-2013-1, LLNL-TR-635539,
                        SLAC-R-1004, ILC-HIGRADE-REPORT-2013-003",
      SLACcitation   = "%%CITATION = ARXIV:1306.6329;%%"
}

@article{MikaelBerggen2018,
  address = {KEK, Tsukuba, Japan},
  author = {{Mikael Berggen}},
  journal = {Software {\&} Analysis Pre-Meeting to ILD Workshop},
  title = {{Truth information : RecoMCTruthLinker and TrueJet}},
  url = {https://agenda.linearcollider.org/event/7839/contributions/40940/},
  year = {2018}
}
%%% contains utf-8, see: https://inspirehep.net/info/faq/general#utf8
%%% add \usepackage[utf8]{inputenc} to your latex preamble

@article{Boronat:2014hva,
      author         = "Boronat, Marça and Fuster, J. and Garcia, Ignacio and
                        Ros, E. and Vos, Marcel",
      title          = "{A robust jet reconstruction algorithm for high-energy
                        lepton colliders}",
      journal        = "Phys. Lett.",
      volume         = "B750",
      year           = "2015",
      pages          = "95-99",
      doi            = "10.1016/j.physletb.2015.08.055",
      eprint         = "1404.4294",
      archivePrefix  = "arXiv",
      primaryClass   = "hep-ex",
      SLACcitation   = "%%CITATION = ARXIV:1404.4294;%%"
}
