@misc{GitHubQGCILDbenchRepo,
  author = {Beyer, J.},
  title = {ILDbench\_QGC},
  year = {2019},
  publisher = {GitHub},
  journal = {GitHub repository},
  howpublished = {\url{https://github.com/ILDAnaSoft/ILDbench_QGC}},
  commit = {71bed0d808ff1d1dd12eebecb79e0553cc7b75fd}
}
@misc{GitHubNuCorrectionRepo,
  author = {Beyer, J.},
  title = {LepNuProcessor},
  year = {2019},
  publisher = {GitHub},
  journal = {GitHub repository},
  howpublished = {\url{https://github.com/ILDAnaSoft/LepNuProcessor}},
  commit = {c9d42a2c10cb9edef60a30ac0b4f0f2ca46658fd}
}