@article{Beckmann:2010ib,
      author         = "Beckmann, Moritz and List, Benno and List, Jenny",
      title          = "{Treatment of Photon Radiation in Kinematic Fits at
                        Future e+ e- Colliders}",
      journal        = "Nucl. Instrum. Meth.",
      volume         = "A624",
      year           = "2010",
      pages          = "184-191",
      doi            = "10.1016/j.nima.2010.08.107",
      eprint         = "1006.0436",
      archivePrefix  = "arXiv",
      primaryClass   = "hep-ex",
      reportNumber   = "DESY-10-078",
      SLACcitation   = "%%CITATION = ARXIV:1006.0436;%%"
}