@article{Sirunyan:2017ret,
      author         = "Sirunyan, Albert M and others",
      title          = "{Observation of electroweak production of same-sign W
                        boson pairs in the two jet and two same-sign lepton final
                        state in proton-proton collisions at $\sqrt{s} = $ 13
                        TeV}",
      collaboration  = "CMS",
      journal        = "Phys. Rev. Lett.",
      volume         = "120",
      year           = "2018",
      number         = "8",
      pages          = "081801",
      doi            = "10.1103/PhysRevLett.120.081801",
      eprint         = "1709.05822",
      archivePrefix  = "arXiv",
      primaryClass   = "hep-ex",
      reportNumber   = "CMS-SMP-17-004, CERN-EP-2017-232",
      SLACcitation   = "%%CITATION = ARXIV:1709.05822;%%"
}