@article{Cacciari:2011ma,
      author         = "Cacciari, Matteo and Salam, Gavin P. and Soyez, Gregory",
      title          = "{FastJet User Manual}",
      journal        = "Eur. Phys. J.",
      volume         = "C72",
      year           = "2012",
      pages          = "1896",
      doi            = "10.1140/epjc/s10052-012-1896-2",
      eprint         = "1111.6097",
      archivePrefix  = "arXiv",
      primaryClass   = "hep-ph",
      reportNumber   = "CERN-PH-TH-2011-297",
      SLACcitation   = "%%CITATION = ARXIV:1111.6097;%%"
}