@article{Fleper:2016frz,
      author         = "Fleper, Christian and Kilian, Wolfgang and Reuter, Jurgen
                        and Sekulla, Marco",
      title          = "{Scattering of W and Z Bosons at High-Energy Lepton
                        Colliders}",
      journal        = "Eur. Phys. J.",
      volume         = "C77",
      year           = "2017",
      number         = "2",
      pages          = "120",
      doi            = "10.1140/epjc/s10052-017-4656-5",
      eprint         = "1607.03030",
      archivePrefix  = "arXiv",
      primaryClass   = "hep-ph",
      reportNumber   = "DESY-16-098, SI-HEP-2016-21, KA-TP-11-2016",
      SLACcitation   = "%%CITATION = ARXIV:1607.03030;%%"
}