@unpublished{LCWS18JER,
  address = {Arlington, Texas},
  author = {{R\'{e}mi Ete}},
  note = {International Workshop on Future Linear Colliders: LCWS2018},
  title = {{Jet energy studies with ILD}},
  url = {https://agenda.linearcollider.org/event/7889/contributions/42586/},
  year = {2018}
}