@article{MikaelBerggen2018,
  address = {KEK, Tsukuba, Japan},
  author = {{Mikael Berggen}},
  journal = {Software {\&} Analysis Pre-Meeting to ILD Workshop},
  title = {{Truth information : RecoMCTruthLinker and TrueJet}},
  url = {https://agenda.linearcollider.org/event/7839/contributions/40940/},
  year = {2018}
}