@article{IvanMarchesini,
  author = {Marchesini, I},
  title = {Triple Gauge Couplings and Polarization at the ILC and
Leakage in a Highly Granular Calorimeter},
  year = {2011},
}
@article{RobertKarl,
  author = {Karl, R},
  title = {From the Machine-Detector Interface to Electroweak Precision Measurements at the ILC â€”
Beam-Gas Background, Beam Polarization and Triple Gauge Couplings},
  year = {2019},
}
@article{pdgLive,
  author = {Live, pdg},
  title = {},
}
@article{gitHubMatt,
  author = {Koster, M},
  title = {},
}
@article{gitHubJakob,
  author = {Beyer, J},
  title = {},
}
@article{TrueJet,
  author = {Jet, T},
  title = {},
}
@article{TJJetRecoParticleFinder,
  author = {JJet, T},
  title = {},
}
@article{IsolatedLeptonTaggingProcessor,
  author = {Tag, I},
  title = {},
}
@article{TLorentzVector,
  author = {Lorentz, T},
  title = {},
}
@article{FastJet,
  author = {Jet, F},
  title = {},
}
@article{bunch,
  author = {Jet, F},
  title = {},
}
