@article{Chierici:2001ar,
      author         = "Chierici, R. and Rosati, S. and Kobel, M.",
      title          = "{Strong electroweak symmetry breaking signals in w w
                        scattering at tesla}",
      booktitle      = "{Physics and Experiments with Future Linear e+ e-
                        Colliders: Proceedings, 5th International Linear Collider
                        Workshop (LCWS 2000) Batavia, Illinois, October 24-28,
                        2000}",
      journal        = "AIP Conf. Proc.",
      volume         = "578",
      year           = "2001",
      number         = "1",
      pages          = "544-549",
      doi            = "10.1063/1.1394378",
      note           = "[,1906(2001)]",
      reportNumber   = "LC-PHSM-2001-038",
      SLACcitation   = "%%CITATION = APCPC,578,544;%%"
}