%%% contains utf-8, see: https://inspirehep.net/info/faq/general#utf8
%%% add \usepackage[utf8]{inputenc} to your latex preamble

@article{Boronat:2014hva,
      author         = "Boronat, Mar√ßa and Fuster, J. and Garcia, Ignacio and
                        Ros, E. and Vos, Marcel",
      title          = "{A robust jet reconstruction algorithm for high-energy
                        lepton colliders}",
      journal        = "Phys. Lett.",
      volume         = "B750",
      year           = "2015",
      pages          = "95-99",
      doi            = "10.1016/j.physletb.2015.08.055",
      eprint         = "1404.4294",
      archivePrefix  = "arXiv",
      primaryClass   = "hep-ex",
      SLACcitation   = "%%CITATION = ARXIV:1404.4294;%%"
}