@article{IvanMarchesini,
  author = {Marchesini, I},
  title = {},
  year = {},
  publisher = {},
  journal = {},
  howpublished = {},
  commit = {}
}
@article{RobertKarl,
  author = {Karl, R},
  title = {},
}
@article{pdgLive,
  author = {Karl, R},
  title = {},
}
@article{gitHubMatt,
  author = {Koster, M},
  title = {},
}
@article{gitHubJakob,
  author = {Beyer, J},
  title = {},
}
@article{TrueJet,
  author = {Jet, T},
  title = {},
}
@article{TJJetRecoParticleFinder,
  author = {JJet, T},
  title = {},
}
@article{IsolatedLeptonTaggingProcessor,
  author = {Tag, I},
  title = {},
}
@article{TLorentzVector,
  author = {Lorentz, T},
  title = {},
}
@article{FastJet,
  author = {Jet, F},
  title = {},
}
@article{bunch,
  author = {Jet, F},
  title = {},
}

